<record><leader>00000cas a22000007a 4500</leader><controlfield tag="001">12919421</controlfield><controlfield tag="008">851216d19561970wiuwr ne      0    0eng d</controlfield><datafield ind1=" " ind2=" " tag="010"><subfield code="a">sn 85041584 </subfield></datafield><datafield ind1=" " ind2=" " tag="040"><subfield code="a">NPV</subfield><subfield code="b">eng</subfield><subfield code="c">NPV</subfield><subfield code="d">OCLCQ</subfield></datafield><datafield ind1=" " ind2=" " tag="042"><subfield code="a">msc</subfield></datafield><datafield ind1=" " ind2=" " tag="045"><subfield code="a">x5x7</subfield></datafield><datafield ind1=" " ind2=" " tag="052"><subfield code="a">4123</subfield><subfield code="b">R2</subfield><subfield code="b">M6</subfield></datafield><datafield ind1="0" ind2=" " tag="130"><subfield code="a">Oak Creek pictorial (Oak Creek, Wis. : 1956)</subfield></datafield><datafield ind1="1" ind2="0" tag="245"><subfield code="a">Oak Creek pictorial.</subfield></datafield><datafield ind1="1" ind2="3" tag="246"><subfield code="a">Pictorial</subfield></datafield><datafield ind1="1" ind2="3" tag="246"><subfield code="a">Oak Creek, Caledonia pictorial</subfield></datafield><datafield ind1=" " ind2=" " tag="260"><subfield code="a">Oak Creek, Wis. :</subfield><subfield code="b">Nu-Way Press,</subfield><subfield code="c">1956-1970.</subfield></datafield><datafield ind1=" " ind2=" " tag="300"><subfield code="a">v. :</subfield><subfield code="b">ill.</subfield></datafield><datafield ind1=" " ind2=" " tag="310"><subfield code="a">Weekly</subfield></datafield><datafield ind1="0" ind2=" " tag="362"><subfield code="a">Feb. 22, 1956-Mar. 8, 1956; no. 4 (Mar. 15, 1956)-no. 766 (Nov. 19, 1970).</subfield></datafield><datafield ind1=" " ind2=" " tag="500"><subfield code="a">Added masthead: Pictorial, Aug. 22, 1968-Sept. 18, 1969; Oak Creek, Caledonia pictorial, Sept. 25, 1969-Nov. 19, 1970.</subfield></datafield><datafield ind1=" " ind2=" " tag="500"><subfield code="a">On masthead: "Serving Oak Creek, Franklin, Caledonia, Greendale."</subfield></datafield><datafield ind1=" " ind2=" " tag="500"><subfield code="a">Publisher varies.</subfield></datafield><datafield ind1=" " ind2=" " tag="500"><subfield code="a">Editors: D. Dunham, Feb. 22, 1956-May 27, 1965; M.L. Stover, &lt;July 3, 1969&gt;-Nov. 19, 1970.</subfield></datafield><datafield ind1=" " ind2=" " tag="530"><subfield code="a">Available on microfilm from The State Historical Society of Wisconsin.</subfield></datafield><datafield ind1=" " ind2=" " tag="752"><subfield code="a">United States</subfield><subfield code="b">Wisconsin</subfield><subfield code="c">Racine</subfield><subfield code="d">Oak Creek.</subfield></datafield><datafield ind1=" " ind2=" " tag="752"><subfield code="a">United States</subfield><subfield code="b">Wisconsin</subfield><subfield code="c">Racine</subfield><subfield code="d">Caledonia.</subfield></datafield><datafield ind1=" " ind2=" " tag="752"><subfield code="a">United States</subfield><subfield code="b">Wisconsin</subfield><subfield code="c">Milwaukee</subfield><subfield code="d">Greendale.</subfield></datafield><datafield ind1=" " ind2=" " tag="752"><subfield code="a">United States</subfield><subfield code="b">Wisconsin</subfield><subfield code="c">Milwaukee</subfield><subfield code="d">Franklin.</subfield></datafield><datafield ind1="0" ind2="0" tag="785"><subfield code="t">Oak Creek, Caledonia pictorial (Oak Creek, Wis. : 1970)</subfield><subfield code="w">(DLC)sn 85041585</subfield></datafield><datafield ind1="1" ind2=" " tag="029"><subfield code="a">AU@</subfield><subfield code="b">000025816512</subfield></datafield></record>